% url = {https://core.ac.uk/download/pdf/4268573.pdf}
@article{climbing-sub-worlds,
author = {Wayne Rapelje, Brandon},
year = {2004},
month = {08},
title = {Rock climbing sub-worlds: a segmentation study}
}

@article{socialclimb,
   author =       {Natalie Berry },
   title =        {Social Climbers - The Evolving Indoor Climbing Industry},
   journal =       {ukclimbing.com},
   month =        {July},
   year =         {2018},
   url = {https://www.ukclimbing.com/articles/features/social_climbers_-_the_evolving_indoor_climbing_industry-10953}
 }
 
@book{schmidt2005motor,
  title={Motor Control and Learning: A Behavioral Emphasis},
  author={Schmidt, R.A. and Lee, T.D.},
  isbn={9780736042581},
  lccn={2004020514},
  url={https://books.google.co.uk/books?id=z69gyDKroS0C},
  year={2005},
  publisher={Human Kinetics}
}

@article{lieberreview,
author = {Liebermann, Dario G. and Katz, Larry and Hughes, Mike and M Bartlett, Roger and McClements, Jim and Franks, Ian},
year = {2002},
month = {11},
pages = {755-69},
title = {Advances in the application of information technology to sport performance},
volume = {20},
journal = {Journal of sports sciences},
doi = {10.1080/026404102320675611}
}

@INPROCEEDINGS{oghiswim, 
author={Y. {Ohgi}}, 
booktitle={SENSORS, 2002 IEEE}, 
title={Microcomputer-based acceleration sensor device for sports biomechanics -stroke evaluation by using swimmer's wrist acceleration}, 
year={2002}, 
volume={1}, 
number={}, 
pages={699-704 vol.1}, 
keywords={acceleration measurement;microcomputer applications;medical computing;biomechanics;sport;data loggers;gyroscopes;acceleration sensor device;sports biomechanics;stroke evaluation;underwater stroke motion;data logger;wrist joint;gyroscope;stroke phases;fatigue estimation;intensive interval training;swimmer;wrist acceleration;Acceleration;Biosensors;Biomechanics;Prototypes;Wrist;Angular velocity;Accelerometers;Velocity measurement;Software prototyping;Sensor phenomena and characterization}, 
doi={10.1109/ICSENS.2002.1037188}, 
ISSN={}, 
month={June},}

@ARTICLE{bacafeedback, 
author={A. {Baca} and P. {Kornfeind}}, 
journal={IEEE Pervasive Computing}, 
title={Rapid Feedback Systems for Elite Sports Training}, 
year={2006}, 
volume={5}, 
number={4}, 
pages={70-76}, 
keywords={biomechanics;data acquisition;intelligent sensors;sport;sports equipment;rapid feedback system;information technology;sports-specific feedback system;biomechanical method;embedded sensor;sport equipment;Feedback;Sensor systems;Boats;Personal digital assistants;Biosensors;Performance analysis;Acceleration;Data acquisition;Vibration measurement;Information technology;Feedback systems;coaching;skill acquisition;training}, 
doi={10.1109/MPRV.2006.82}, 
ISSN={1536-1268}, 
month={Oct},}




@article{hughesnotational,
author = {Hughes, Mike and T Hughes, Michael and Behan, Hannah},
year = {2007},
month = {01},
pages = {1750-9823},
title = {The evolution of computerised notational analysis through the example of racket sports},
volume = {1},
journal = {International Journal of Sports Science and Engineering},
doi = {10.21797/ksme.2008.10.3.001}
}


@article{callawayvideoacccomp,
author = {Andrew J Callaway and Jon E Cobb and Ian Jones},
title ={A Comparison of Video and Accelerometer Based Approaches Applied to Performance Monitoring in Swimming},
journal = {International Journal of Sports Science \& Coaching},
volume = {4},
number = {1},
pages = {139-153},
year = {2009},
doi = {10.1260/1747-9541.4.1.139},

URL = { 
        https://doi.org/10.1260/1747-9541.4.1.139
    
},
eprint = { 
        https://doi.org/10.1260/1747-9541.4.1.139
    
}
}



@article{groomcoachperceptions,
author = {Groom, Ryan},
year = {2004},
month = {08},
pages = {},
title = {COACHES PERCEPTIONS OF THE USE OF VIDEO ANALYSIS},
volume = {7},
journal = {Insight}
}

@article{kinovea,
title = "Biomechanical analysis using Kinovea for sports application",
author = "{Nor Adnan}, {Nor Muaza} and {Ab Patar}, {Mohd Nor Azmi} and Hokyoo Lee and Yamamoto, {Shin Ichiroh} and Lee Jong-Young and Jamaluddin Mahmud",
year = "2018",
month = "4",
day = "6",
doi = "10.1088/1757-899X/342/1/012097",
language = "English",
volume = "342",
journal = "IOP Conference Series: Materials Science and Engineering",
issn = "1757-8981",
publisher = "IOP Publishing Ltd.",
number = "1",
}

@book{cvinsport,
 author = {Moeslund, Thomas B. and Thomas, Graham and Hilton, Adrian},
 title = {Computer Vision in Sports},
 year = {2015},
 isbn = {3319093959, 9783319093956},
 publisher = {Springer Publishing Company, Incorporated},
} 

@article{sportperformance86,
author = { Ian M.   Franks  and  David   Goodman },
title = {A systematic approach to analysing sports performance},
journal = {Journal of Sports Sciences},
volume = {4},
number = {1},
pages = {49-59},
year  = {1986},
publisher = {Routledge},
doi = {10.1080/02640418608732098},
    note ={PMID: 3735484},

URL = { 
        https://doi.org/10.1080/02640418608732098
    
},
eprint = { 
        https://doi.org/10.1080/02640418608732098
    
}

}

@inproceedings{djudd2014SquashSA,
  title={Squash Sport Analytics & Image Processing},
  author={Dan Judd djudd and Rebecca Wu rewu},
  year={2014}
}




@article{groomvideo,
author = {Groom, Ryan and Cushion, Christopher},
year = {2005},
month = {12},
pages = {40-46},
title = {Using of Video Based Coaching With Players: A Case Study},
volume = {5},
journal = {International Journal of Performance Analysis in Sport},
doi = {10.1080/24748668.2005.11868336}
}


@article{odonovideo,
author = {Peter Oâ€™Donoghue},
title = {The use of feedback videos in sport.},
journal = {International Journal of Performance Analysis in Sport},
volume = {6},
number = {2},
pages = {1-14},
year  = {2006},
publisher = {Routledge},
doi = {10.1080/24748668.2006.11868368},

URL = { 
        https://doi.org/10.1080/24748668.2006.11868368
    
},
eprint = { 
        https://doi.org/10.1080/24748668.2006.11868368
    
}

}


@ARTICLE{schmidt75aschema,
    author = {Richard A. Schmidt and Ronald G. Marteniuk and Karl M. Newell},
    title = {A schema theory of discrete motor skill learning},
    journal = {Psychological Review},
    year = {1975},
    pages = {225--260}
}

@inproceedings{automaticrowingcoach,
 author = {Fothergill, Simon and Harle, Robert and Holden, Sean},
 title = {Modeling the Model Athlete: Automatic Coaching of Rowing Technique},
 booktitle = {Proceedings of the 2008 Joint IAPR International Workshop on Structural, Syntactic, and Statistical Pattern Recognition},
 series = {SSPR \& SPR '08},
 year = {2008},
 isbn = {978-3-540-89688-3},
 location = {Orlando, Florida},
 pages = {372--381},
 numpages = {10},
 url = {http://dx.doi.org/10.1007/978-3-540-89689-0_41},
 doi = {10.1007/978-3-540-89689-0_41},
 acmid = {1485847},
 publisher = {Springer-Verlag},
 address = {Berlin, Heidelberg},
 keywords = {Body motion, Intelligent Sensing Systems, Novel Applications, Quality, Rowing Technique, Shape Analysis, Spatiotemporal Pattern Recognition, Sports coaching},
}
@INPROCEEDINGS{pansiottenniscv, 
author={J. {Pansiot} and A. {Elsaify} and B. {Lo} and {Guang-Zhong Yang}}, 
booktitle={2009 IEEE 12th International Conference on Computer Vision Workshops, ICCV Workshops}, 
title={RACKET: Real-time autonomous computation of kinematic elements in tennis}, 
year={2009}, 
volume={}, 
number={}, 
pages={773-779}, 
keywords={calibration;image motion analysis;radio tracking;radiotelemetry;sport;statistical analysis;wireless sensor networks;RACKET;visual sensor network;motion tracking;wireless VSN nodes;statistical background model;on-node processing;image plane tracking;calibration grid algorithm;HTTP server;mobile devices;Kinematics;Calibration;Monitoring;Video recording;Cameras;Tracking;Data mining;Conferences;Computer networks;Educational institutions}, 
doi={10.1109/ICCVW.2009.5457624}, 
ISSN={}, 
month={Sep.},}

@article{pedometer,
author = {Boyce, Glenn and Padmasekara, Gayan and Blum, Martin},
year = {2012},
month = {06},
pages = {16-22},
title = {Accuracy of Mobile Phone Pedometer Technology},
volume = {1},
journal = {Journal of Mobile Technology in Medicine},
doi = {10.7309/jmtm.13}
}





@inproceedings{projectedclimbwall,
 author = {Kajastila, Raine and H\"{a}m\"{a}l\"{a}inen, Perttu},
 title = {Augmented Climbing: Interacting with Projected Graphics on a Climbing Wall},
 booktitle = {Proceedings of the Extended Abstracts of the 32Nd Annual ACM Conference on Human Factors in Computing Systems},
 series = {CHI EA '14},
 year = {2014},
 isbn = {978-1-4503-2474-8},
 location = {Toronto, Ontario, Canada},
 pages = {1279--1284},
 numpages = {6},
 url = {http://doi.acm.org/10.1145/2559206.2581139},
 doi = {10.1145/2559206.2581139},
 acmid = {2581139},
 publisher = {ACM},
 address = {New York, NY, USA},
 keywords = {augmented feedback, computer vision, exergames, exertion interfaces, rock climbing},
} 

@inproceedings{climbaxstudy,
author = {Ladha, Cassim and Hammerla, Nils and Olivier, Patrick and Ploetz, Thomas},
year = {2013},
month = {09},
pages = {},
title = {ClimbAX: Skill Assessment for Climbing Enthusiasts},
journal = {UbiComp 2013 - Proceedings of the 2013 ACM International Joint Conference on Pervasive and Ubiquitous Computing},
doi = {10.1145/2493432.2493492}
}


@ARTICLE{strangebeta,
       author = {{Phillips}, C. and {Becker}, L. and {Bradley}, E.},
        title = {strange beta: An assistance system for indoor rock climbing route setting},
      journal = {Chaos},
     keywords = {chaos, 05.45.-a, Nonlinear dynamics and chaos, Computer Science - Artificial Intelligence, Computer Science - Human-Computer Interaction, Statistics - Applications},
         year = "2012",
        month = "Mar",
       volume = {22},
       number = {1},
          eid = {013130},
        pages = {013130},
          doi = {10.1063/1.3693047},
archivePrefix = {arXiv},
       eprint = {1110.0532},
 primaryClass = {cs.AI},
       adsurl = {https://ui.adsabs.harvard.edu/abs/2012Chaos..22a3130P},
      adsnote = {Provided by the SAO/NASA Astrophysics Data System}
}

@misc{chalkprint,
author = {chalkprint},
  title = {Comprehend Your Climbing},
  howpublished = {\url{https://chalkprint.com/}},
}
@misc{lattice,
author = {Lattice Training},
  title = {About Lattice Training},
  howpublished = {\url{https://latticetraining.com/about-us/}},
}
@misc{whipper,
author = {Whipper},
  title = {Whipper: Worldâ€™s 1st Climbing Performance Tracker},
  howpublished = {\url{https://www.indiegogo.com/projects/whipper-world-s-1st-climbing-performance-tracker#/}},
}
@misc{verticallife,
author = {VerticalLife},
  title = {Vertical-Life Climbing},
  howpublished = {\url{https://www.vertical-life.info/}},
}
@misc{edgeinteractive,
author = {Franziska Heuck, Aileen Kassing, AndrÃ© Kennedy, Christoph Zobl},
  title = {Edge | an interactive training wall for climbers},
  howpublished = {\url{https://designawards.core77.com/interaction/51284/edge-an-interactive-training-wall-for-climbers}},
}


@INPROCEEDINGS{niederervis, 
author={C. {Niederer} and A. {Rind} and W. {Aigner}}, 
booktitle={2016 20th International Conference Information Visualisation (IV)}, 
title={Multi-device Visualisation Design for Climbing Self-Assessment}, 
year={2016}, 
volume={}, 
number={}, 
pages={171-176}, 
keywords={data visualisation;interactive systems;Internet;mobile computing;sport;multidevice visualisation design;climbing sport self-assessment;specialized wrist-worn sensor devices;interactive visual interfaces;mobile Web application;desktop tool;scenario-based prototype;D3.js;quantified-self applications;Data visualization;Training;Tracking;Interviews;Mobile communication;Sensors;information visualization;quantified-self;climbing;multi-device;sport}, 
doi={10.1109/IV.2016.34}, 
ISSN={2375-0138}, 
month={July},}

@INPROCEEDINGS{climbbsn, 
author={J. {Pansiot} and R. C. {King} and D. G. {McIlwraith} and B. P. L. {Lo} and {Guang-Zhong Yang}}, 
booktitle={2008 5th International Summer School and Symposium on Medical Devices and Biosensors}, 
title={ClimBSN: Climber performance monitoring with BSN}, 
year={2008}, 
volume={}, 
number={}, 
pages={33-36}, 
keywords={accelerometers;biomechanics;monitoring;radiotelemetry;sensors;sport;ClimBSN;climber performance monitoring;sport climbing;indoor climbing walls;wearable sensing platform;analysis framework;general climbing performance assessment;climbing training;ear worn 3D accelerometer based sensor;climbing specific measures;motion fluidity;strength;endurance;Biomedical monitoring;Wearable sensors;Body sensor networks;Accelerometers;Biosensors;Performance analysis;Motion measurement;Shape;Friction;Biomedical computing;sport-climbing;body sensor network;sport monitoring}, 
doi={10.1109/ISSMDBS.2008.4575009}, 
ISSN={}, 
month={June},}


@article{centreofmass,
title = "3D analysis of the body center of mass in rock climbing",
journal = "Human Movement Science",
volume = "26",
number = "6",
pages = "841 - 852",
year = "2007",
issn = "0167-9457",
doi = "https://doi.org/10.1016/j.humov.2007.05.008",
url = "http://www.sciencedirect.com/science/article/pii/S0167945707000395",
author = "F. Sibella and I. Frosio and F. Schena and N.A. Borghese",
keywords = "Rock climbing, Center of mass, 3D analysis",
}


@techreport{ISO9241-210,
type = {Standard},
key = {ISO 9241-210:2010 },
month = mar,
year = {2010},
title = {{Ergonomics of human-system interaction -- Part 210: Human-centred design for interactive systems}},
address = {Geneva, CH},
institution = {International Organization for Standardization}
}

@book{wendel2013designing,
  title={Designing for Behavior Change: Applying Psychology and Behavioral Economics},
  author={Wendel, S.},
  isbn={9781449367626},
  lccn={2014469371},
  url={https://books.google.co.uk/books?id=yXwhngEACAAJ},
  year={2013},
  publisher={O'Reilly}
}




